@inproceedings{breakingdvbcsa,
	title = {{Breaking DVB-CSA}},
	author = "Erik Tews and Julian W{\"a}lde and Michael Weiner",
	year = "2011",
	pages = "45--61",
	booktitle = "Research in Cryptology",
}

